<?xml version="1.0" encoding="utf-8"?>
<record xmlns="http://www.loc.gov/MARC21/slim" xmlns:xsi="http://www.w3.org/2001/XMLSchema-instance" xsi:schemaLocation="http://www.loc.gov/MARC21/slim http://www.loc.gov/standards/marcxml/schema/MARC21slim.xsd">
	<leader>     nam a22     Mi 4500</leader>
	<controlfield tag="001">5367586</controlfield>
	<controlfield tag="003">NNC</controlfield>
	<controlfield tag="006">m        d        </controlfield>
	<controlfield tag="007">cr cn |||m|||a</controlfield>
	<controlfield tag="008">190315s1966    xx c    ob    000 0bara  </controlfield>
	<datafield ind1=" " ind2=" " tag="040">
		<subfield code="a">ZYU</subfield>
		<subfield code="b">ara</subfield>
		<subfield code="e">rda</subfield>
		<subfield code="c">ZYU</subfield>
	</datafield>
	<datafield ind1="0" ind2="0" tag="050">
		<subfield code="a">CT1918.K8</subfield>
		<subfield code="b">A7</subfield>
	</datafield>
	<datafield ind1="1" ind2=" " tag="100">
		<subfield code="6">880-01</subfield>
		<subfield code="a">Ālūsī, Jamāl al-Dīn.</subfield>
	</datafield>
	<datafield ind1="1" ind2="0" tag="245">
		<subfield code="6">880-02</subfield>
		<subfield code="a">Muḥammad Kurd ʻAlī.</subfield>
	</datafield>
	<datafield ind1=" " ind2=" " tag="260">
		<subfield code="c">1966.</subfield>
	</datafield>
	<datafield ind1=" " ind2=" " tag="300">
		<subfield code="a">online resource (366 pages) :</subfield>
		<subfield code="b">portrait</subfield>
	</datafield>
	<datafield ind1=" " ind2=" " tag="336">
		<subfield code="a">text</subfield>
		<subfield code="2">rdacontent</subfield>
	</datafield>
	<datafield ind1=" " ind2=" " tag="337">
		<subfield code="a">computer</subfield>
		<subfield code="2">rdamedia</subfield>
	</datafield>
	<datafield ind1=" " ind2=" " tag="338">
		<subfield code="a">online resource</subfield>
		<subfield code="2">rdacarrier</subfield>
	</datafield>
	<datafield ind1=" " ind2=" " tag="500">
		<subfield code="a">Romanized.</subfield>
	</datafield>
	<datafield ind1=" " ind2=" " tag="500">
		<subfield code="a">Part of the Arabic Collections Online (ACO) project, contributed by Columbia University Libraries.</subfield>
	</datafield>
	<datafield ind1=" " ind2=" " tag="504">
		<subfield code="a">Includes bibliographical references (pages 333-338).</subfield>
	</datafield>
	<datafield ind1=" " ind2=" " tag="533">
		<subfield code="a">Electronic reproduction.</subfield>
		<subfield code="b">New York, N.Y. :</subfield>
		<subfield code="c">New York University,</subfield>
		<subfield code="d">2019.</subfield>
		<subfield code="5">NNU</subfield>
	</datafield>
	<datafield ind1=" " ind2=" " tag="583">
		<subfield code="a">commitment to retain</subfield>
		<subfield code="c">20151204</subfield>
		<subfield code="2">pda</subfield>
		<subfield code="5">OTUTLD</subfield>
	</datafield>
	<datafield ind1="1" ind2="0" tag="600">
		<subfield code="6">880-03</subfield>
		<subfield code="a">Kurd ʻAlī, Muḥammad,</subfield>
		<subfield code="d">1876-1953.</subfield>
	</datafield>
	<datafield ind1="1" ind2="7" tag="600">
		<subfield code="a">Kurd ʻAlī, Muḥammad,</subfield>
		<subfield code="d">1876-1953</subfield>
		<subfield code="2">fast</subfield>
		<subfield code="0">(OCoLC)fst00098532</subfield>
	</datafield>
	<datafield ind1="2" ind2=" " tag="710">
		<subfield code="a">Columbia University.</subfield>
		<subfield code="b">Libraries.</subfield>
	</datafield>
	<datafield ind1="0" ind2=" " tag="730">
		<subfield code="a">Arabic Collections Online.</subfield>
	</datafield>
	<datafield ind1="0" ind2="8" tag="776">
		<subfield code="i">Online version:</subfield>
		<subfield code="a">Ālūsī, Jamāl al-Dīn.</subfield>
		<subfield code="t">Muḥammad Kurd ʻAlī.</subfield>
		<subfield code="d">1966</subfield>
		<subfield code="w">(OCoLC)568202791</subfield>
	</datafield>
	<datafield ind1="0" ind2="8" tag="776">
		<subfield code="i">Print version:</subfield>
		<subfield code="a">Ālūsī, Jamāl al-Dīn.</subfield>
		<subfield code="t">Muḥammad Kurd ʻAlī</subfield>
		<subfield code="w">(NNC)5367586</subfield>
		<subfield code="w">(DLC)ne 67001565 </subfield>
		<subfield code="w">(OCoLC)23498904</subfield>
	</datafield>
	<datafield ind1="1" ind2=" " tag="810">
		<subfield code="a">Iraq.</subfield>
		<subfield code="b">Wizārat al-Thaqāfah wa-al-Irshād.</subfield>
		<subfield code="t">Silsilat al-kutub al-ḥadīthah ;</subfield>
		<subfield code="v">12.</subfield>
	</datafield>
	<datafield ind1="4" ind2="0" tag="856">
		<subfield code="u">http://hdl.handle.net/2333.1/dv41p16s</subfield>
	</datafield>
	<datafield ind1="1" ind2=" " tag="880">
		<subfield code="6">100-01</subfield>
		<subfield code="a">آلوسي، جمال الدين.</subfield>
	</datafield>
	<datafield ind1="1" ind2="0" tag="880">
		<subfield code="6">245-02</subfield>
		<subfield code="a">محمد كرد علي /</subfield>
		<subfield code="c">تأليف جمال الدين الآلوسي.</subfield>
	</datafield>
	<datafield ind1=" " ind2=" " tag="880">
		<subfield code="6">260-00</subfield>
		<subfield code="a">بغداد :</subfield>
		<subfield code="b">وزارة الثقافة و الإرشاد، مديرية الثقافة العامة، دار الجمهورية،</subfield>
		<subfield code="c">١٩٦٦.</subfield>
	</datafield>
	<datafield ind1=" " ind2=" " tag="880">
		<subfield code="6">264-00</subfield>
		<subfield code="a">بغداد :</subfield>
		<subfield code="b">وزارة الثقافة و الإرشاد، مديرية الثقافة العامة، دار الجمهورية،</subfield>
		<subfield code="c">١٩٦٦.</subfield>
	</datafield>
	<datafield ind1="0" ind2=" " tag="880">
		<subfield code="6">490-00</subfield>
		<subfield code="a">سلسلة الكتب الحديثة ؛</subfield>
		<subfield code="v">١٢</subfield>
	</datafield>
	<datafield ind1="1" ind2="4" tag="880">
		<subfield code="6">600-03</subfield>
		<subfield code="a">كرد علي، محمد.</subfield>
	</datafield>
	<datafield ind1=" " ind2=" " tag="959">
		<subfield code="a">NNU</subfield>
		<subfield code="b">WEB</subfield>
		<subfield code="c">GENI</subfield>
		<subfield code="t">0</subfield>
		<subfield code="m">Electronic access</subfield>
		<subfield code="s">01</subfield>
	</datafield>
	<datafield ind1=" " ind2=" " tag="999">
		<subfield code="i">NNC_5367586</subfield>
		<subfield code="o">(OCoLC)ocm23498904 </subfield>
		<subfield code="s">columbia_aco004040</subfield>
		<subfield code="e">(ERROR-880)</subfield>
	</datafield>
</record>
